<?xml version="1.0" encoding="UTF-8"?><collection xmlns="http://www.loc.gov/MARC21/slim"><record><leader>00652nam--2200205-i-4500</leader><controlfield tag="001">000036860</controlfield><controlfield tag="002">20161230</controlfield><controlfield tag="005">20161230201041</controlfield><controlfield tag="008">060222s1000------------r-----000-0-fre-d</controlfield><datafield ind1=" " ind2=" " tag="040"><subfield code="a">IFIN-HH</subfield></datafield><datafield ind1=" " ind2=" " tag="041"><subfield code="a">fre</subfield></datafield><datafield ind1=" " ind2=" " tag="080"><subfield code="a">539.186(043)</subfield></datafield><datafield ind1="1" ind2=" " tag="100"><subfield code="a">Poizat, J.C</subfield></datafield><datafield ind1="1" ind2="0" tag="245"><subfield code="a">Etude de la canalisation d`ions legers de 0,5 a mev a travers des cristaux d`or de quelques centaines d`angstrom d`epaisseur</subfield><subfield code="b">These</subfield><subfield code="c">J.c. poizat, j. remillieux</subfield></datafield><datafield ind1=" " ind2=" " tag="260"><subfield code="a">Lyon</subfield><subfield code="b">Institute De Physique Nucleaire</subfield><subfield code="c">1972</subfield></datafield><datafield ind1=" " ind2=" " tag="300"><subfield code="a">/1013-1025/P</subfield></datafield><datafield ind1=" " ind2=" " tag="490"><subfield code="a">Le Journal De Physique</subfield></datafield><datafield ind1="1" ind2=" " tag="700"><subfield code="a">Remillieux, J</subfield></datafield><datafield ind1=" " ind2=" " tag="852"><subfield code="a">40466</subfield><subfield code="c">539.18</subfield></datafield><datafield ind1=" " ind2=" " tag="CAT"><subfield code="a">Sys</subfield><subfield code="c">20120703</subfield><subfield code="h">115024</subfield></datafield></record></collection>